@online{wave,
	title = {Wave Equation},
	year = 2016,
	url = {https://wikipedia.org/wiki/Wave_equation},
	urldate = {2016-12-09}
}
@online{atten,
	title = {Attenuation},
	year = 2016,
	url = {https://wikipedia.org/wiki/Attenuation},
	urldate = {2016-12-09}
}
@online{,
	title = {Numerical Method for Modeling of Acoustic Waves Propagation},
    author = {Slawomir Dykas, Wlodzimierz Wroblewski, Sebastian Rulik, Tadeusz Chmielniak},
	year = 2010,
	url = {https://www.degruyter.com/view/j/aoa.2010.35.issues-1/v10168-010-0003-7/v10168-010-0003-7.xml},
	urldate = {2016-12-09}
}
@online{,
	title = {Analytical Soluton for Acoustic Waves Propagation in Fluids},
    author = {Mohamed I. A. Othman, Mohamed Galal Sayed Ali, Roushdi Mohamed Farouk},
	year = 2011,
	url = {file.scirp.org/pdf/WJM20110500003_53160115.pdf},
	urldate = {2016-12-09}
}
@online{,
	title = {Governing Equations for Wave Propagation in a Fluid-Saturated Porous Medium},
    author = {K.N. van Dalen},
	year = 2013,
	url = {http://www.springer.com/cda/content/document/cda_downloaddocument/9783642348440-c2.pdf},
	urldate = {2016-12-09}
}
@online{,
	title = {Analytic Models for Acoustic Wave Propagation in Air},
    author = {Joanna Ruth Ventreno},
	year = 2007,
	url = {people.engr.ncsu.edu/mbs/Publications/vitae_theses/vetreno_ms_2007.pdf},
	urldate = {2016-12-09}
}


