%% LaTeX2e file `fluidbib.bib'
%% generated by the `filecontents' environment
%% from source `final' on 2016/12/11.
%%
